<?xml version="1.0" encoding="UTF-8"?><collection xmlns="http://www.loc.gov/MARC21/slim"><record><leader>00551nam--2200193-i-4500</leader><controlfield tag="001">000042974</controlfield><controlfield tag="002">20161230</controlfield><controlfield tag="005">20161230201043</controlfield><controlfield tag="008">060222s1000------------r-----000-0-rum-d</controlfield><datafield ind1=" " ind2=" " tag="040"><subfield code="a">IFIN-HH</subfield></datafield><datafield ind1=" " ind2=" " tag="041"><subfield code="a">rum</subfield></datafield><datafield ind1=" " ind2=" " tag="080"><subfield code="a">539.125.5:539.12.16(043)</subfield></datafield><datafield ind1="1" ind2=" " tag="100"><subfield code="a">Stoica, Alexandru Dan</subfield></datafield><datafield ind1="1" ind2="0" tag="245"><subfield code="a">Contributii la fizica neutronilor hiperreci</subfield><subfield code="b">Teza</subfield><subfield code="c">Alexandru dan stoica</subfield></datafield><datafield ind1=" " ind2=" " tag="260"><subfield code="a">Bucuresti</subfield><subfield code="b">Ifin</subfield><subfield code="c">1981</subfield></datafield><datafield ind1=" " ind2=" " tag="300"><subfield code="a">115P</subfield></datafield><datafield ind1=" " ind2=" " tag="502"><subfield code="a">Conducator Stiintific: Prof.Dr.Doc. Dorel Bally</subfield></datafield><datafield ind1=" " ind2=" " tag="852"><subfield code="a">48760</subfield><subfield code="c">539.12</subfield></datafield><datafield ind1=" " ind2=" " tag="CAT"><subfield code="a">Sys</subfield><subfield code="c">20111207</subfield><subfield code="h">150822</subfield></datafield></record></collection>